@misc{bibtexEntries,
  title        = "Complete list of BibTeX entry types [with examples] - BibTeX.com",
  author       = "{Paperpile LLC}",
  howpublished = "\url{https://www.bibtex.com/e/entry-types/}",
  year         = 2019,
  note         = "Accessed: 2021-05-19"
}

@misc{overleafRef,
  title        = "Overleaf, Online LaTeX Editor",
  author       = "{Overleaf}",
  howpublished = "\url{https://www.overleaf.com/}",
  year         = 2021,
  note         = "Accessed: 2021-05-19"
}

@Article{         harris2020array,
 title         = {Array programming with {NumPy}},
 author        = {Charles R. Harris and K. Jarrod Millman and St{\'{e}}fan J.
                 van der Walt and Ralf Gommers and Pauli Virtanen and David
                 Cournapeau and Eric Wieser and Julian Taylor and Sebastian
                 Berg and Nathaniel J. Smith and Robert Kern and Matti Picus
                 and Stephan Hoyer and Marten H. van Kerkwijk and Matthew
                 Brett and Allan Haldane and Jaime Fern{\'{a}}ndez del
                 R{\'{i}}o and Mark Wiebe and Pearu Peterson and Pierre
                 G{\'{e}}rard-Marchant and Kevin Sheppard and Tyler Reddy and
                 Warren Weckesser and Hameer Abbasi and Christoph Gohlke and
                 Travis E. Oliphant},
 year          = {2020},
 month         = sep,
 journal       = {Nature},
 volume        = {585},
 number        = {7825},
 pages         = {357--362},
 doi           = {10.1038/s41586-020-2649-2},
 publisher     = {Springer Science and Business Media {LLC}},
 url           = {https://doi.org/10.1038/s41586-020-2649-2}
}

@misc{tensorflow2015-whitepaper,
title={ {TensorFlow}: Large-Scale Machine Learning on Heterogeneous Systems},
url={https://www.tensorflow.org/},
note={Software available from tensorflow.org},
author={
    Mart\'{\i}n~Abadi and
    Ashish~Agarwal and
    Paul~Barham and
    Eugene~Brevdo and
    Zhifeng~Chen and
    Craig~Citro and
    Greg~S.~Corrado and
    Andy~Davis and
    Jeffrey~Dean and
    Matthieu~Devin and
    Sanjay~Ghemawat and
    Ian~Goodfellow and
    Andrew~Harp and
    Geoffrey~Irving and
    Michael~Isard and
    Yangqing Jia and
    Rafal~Jozefowicz and
    Lukasz~Kaiser and
    Manjunath~Kudlur and
    Josh~Levenberg and
    Dandelion~Man\'{e} and
    Rajat~Monga and
    Sherry~Moore and
    Derek~Murray and
    Chris~Olah and
    Mike~Schuster and
    Jonathon~Shlens and
    Benoit~Steiner and
    Ilya~Sutskever and
    Kunal~Talwar and
    Paul~Tucker and
    Vincent~Vanhoucke and
    Vijay~Vasudevan and
    Fernanda~Vi\'{e}gas and
    Oriol~Vinyals and
    Pete~Warden and
    Martin~Wattenberg and
    Martin~Wicke and
    Yuan~Yu and
    Xiaoqiang~Zheng},
  year={2015},
}

@article{lstmpaper,
author = {Hochreiter, Sepp and Schmidhuber, JÃ¼rgen},
year = {1997},
month = {12},
pages = {1735-80},
title = {Long Short-term Memory},
volume = {9},
journal = {Neural computation},
doi = {10.1162/neco.1997.9.8.1735}
}

@phdthesis{confer_2005_activity,
	author = "William J. Confer",
	title = "The Activity Metric for Low Resource, On-Line Character Recognition",
	year = "2005",
	school = "Auburn University",
	address = "Auburn, Alabama",
}

@misc{wilkins_1995_latex,
	author = "David R. Wilkins",
	title = "Getting Started with {\LaTeX}",
	year = "1995",
	edition = "2nd",	
	howpublished = "\url{http://www.maths.tcd.ie/~dwilkins/LaTeXPrimer}",
}

@misc{oetiker_2008_latex,
	author = "Tobias Oetiker",
	title = "The Not so Short Introduction to {\LaTeX2e}",
	year = "2008",
	howpublished = "\url{http://tobi.oetiker.ch/lshort/lshort-letter.pdf}",
}

@misc{greenberg_2006_latex,
	author = "Harvey J. Greenberg",
	title = "A Simplified Introduction to {\LaTeX}",
	year = "2006",
	howpublished = "Original source no longer availible since Greenberg retired.  
	Alternates exist, e.g., 
	\url{http://www.cs.usask.ca/~wew036/latex/simplified-intro/latex.pdf}",
}


@misc{vanzandt_2003_pstricks,
	author = "Timothy Van Zandt",
	title = "PSTricks--Postscript Macros for Generic {\TeX}",
	year = "2003",
	howpublished = "\url{http://www.dante.de/CTAN/graphics/pstricks/base/doc/pstricks-doc.pdf}",
}

@book{lamport_1994_latex,
	author = "Leslie Lamport",
	title = "\LaTeX{}: A Document Preparation System",
	publisher = "Addison Wesley",
	edition = "2nd",
	year = "1994",
}

@book{hahn_1993_latex,
	author = "Jane Hahn",
	title = "\LaTeX{} for Everyone",
	publisher = "Prentice Hall",
	year = "1993",
}
























@article{reeves95genetic,
	author = "Colin R. Reeves",
	title = "A genetic algorithm for flowshop sequencing",
	journal = "Comput. Oper. Res.",
	volume = "22",
	number = "1",
	year = "1995",
	pages = "5--13",
	publisher = "Elsevier Science Ltd.",
	address = "Oxford, UK, UK",
}

@article{kapsalis93solving,
	author = "A. Kapsalisand and V. J. Rayward-Smith and G. D. Smith",
	title = "Solving the Graphical Steiner Tree Problem Using Genetic Algorithms",
	journal = "Journal of the Operational Research Society",
	volume = "44",
	number = "4", 
	month = "April",
	year = "1993", 
	pages = "397--406",
}

@book{holland75adaptation,
	author = "J. H. Holland",
	title = "Adaptation in Natural and Artificial Systems",
	publisher = "The University of Michigan Press",
	year = "1975",
}

@book{goldberg89genetic,
	author = "D. E. Goldberg",
	title = "Genetic Algorithms in Search, Optimization, and Machine Learning",
	publisher = "Addison-Wesley",
	year = "1989",
}

@article{dozier03comparison,
	author = "Gerry Dozier",
	title = "A Comparison of Static and Adaptive Replacement Strategies for Distributed Steady-State Evolutionary Path Planning in Non-Stationary Environments",
	journal = "International Journal of Knowledge-Based Intelligent Interactive Systems",
	volume = "7",
	number = "1",
	month = "January",
	year = "2003",
}

@article{back97evolutionary,
	author = "Thomas B{\"a}ck and Ulrich Hammel and Hans-Paul Scwefel",
	title = "Evolutionary Computation: Comments on the History and Current State",
	journal = "IEEE Transactions on Evolutionary Computation",
	volume = "1",
	number = "1",
	year = "1997",
	month = "April",
}

@incollection{eshelman93real,
	author = "L. J. Eshelman and J. D. Schaffer",
	title = "Real-Coded Genetic Algorithms and Interval-Schemata",
	booktitle = "Foundations of Genetic Algorithms 2",
	publisher = "Morgan Kaufmann",
	year = "1993",
	pages = "187--202",
}

@book{lewand00cryptographical,
	author = "Robert Edward Lewand",
	title = "Cryptographical Mathematics",
	publisher = "Mathematical Association of America Press",
	year = "2000",
}

@misc{linton01frequency,
	author = "Tom Linton",
	title = "English Letter Frequencies",
	year = "2001",
	howpublished = "\url{http://www.central.edu/homepages/LintonT/classes/spring01/cryptography/letterfreq.html}",
}

@book{oxford04dictionary,
	author = "Oxford",
	title = "Oxford Dictionary of English",
	year = "2004",
	publisher = "Oxford University Press",
}

@misc{          3com97palm,
        author = "3Com",
        title = "PalmPilot Handbook",
        year = "1997",
}

@article{	abowd99classroom,
	author = "Gregory D. Abowd",
	title = "Classroom 2000: An Experiment with the Instrumentation of a Living Educational Environment",
	journal = "{IBM} Systems Journal; Special issue on Pervasive Computing",
	volume ="38",
	number ="4",
	year = "1999",
}

@inproceedings{		ahmed88method,
	author = "Pervez Ahmed and C. Suen",
	title = "A Decision Making Method and its Application in Unconstrained Handwritten Character Recognition",
	booktitle = "Proceedings of the first international conference on Industrial and engineering applications of artificial intelligence and expert systems",
	year = "1988",
	month = "June",
	pages = "638{--}644",
	volume = "2",
}

@article{               alimoglu01digit,
        author = "Fevzi Alimo{\u{g}}lu and Ethem Alpaydin",
        title = "Combining Multiple Classifiers for Pen-Based
                Handwritten Digit Recognition",
        journal = "{ELEKTRIK}: Turkish Journal of Electrical
                Engineering and Computer Sciences",
        year = "2001",
        volume = "9",
        number = "1",
        pages = "1{--}12",
}

@inproceedings{			alimoglu97combining,
        author = "Fevzi Alimo{\u{g}}lu and Ethem Alpaydin",
        title = "Combining Multiple Classifiers for Pen-Based
                Handwritten Digit Recognition",
        booktitle = "Proceedings of the Fourth International Conference on
		Document Analysis and Recognition (ICDAR 97)",
        year = "1997",
}

@inproceedings{			alimoglu96methods,
	author = "Fevzi Alimo{\u{g}}lu and Ethem Alpaydin",
	title = "Methods of Combining Multiple Classifiers 
		Based on Different Representations for Pen-based Handwriting
		Recognition",
	booktitle = "Proceedings of the Fifth Turkish Artificial 
		Intelligence and Artificial Neural Networks Symposium ({TAINN} 96)",
	year = "1996",
	month = "June",
}

@mastersthesis{				alimoglu96combining,
	author = "Alimo{\u{g}}lu, Fevzi",
	title = "Combining multiple classifiers for pen-based handwritten digit recognition",
	school = "Institute of Sciences and Engineering, Bo{\u{g}}azi{\c{c}}i University",
	year = "1996", 
}

@inproceedings{         bledsoe59pattern,
        author = "W. Bledsoe and I. Browning",
        title = "Pattern Recognition and Reading by Machine",
        booktitle = "Proceedings of the {EJCC}",
        year = "1959",
        month = "December",
        pages = "225{--}232",
}

@article{				brown83preprocessing,
	author = "M. Brown and S. Ganapathy",
	title = "Preprocessing technique for cursive script word recognition",
	journal = "Pattern Recognition",
	volume = "16",
	number = "5",
	pages = "447{--}458",
	year = "1983",
}

@inproceedings{         callahan88empirical,
        author = "J. Callahan and D. Hopkins and M. Weiser and B. Shneiderman",
        title = "An empirical comparison of pie vs. linear menus",
        booktitle = "Conference proceedings on Human factors in computing systems",
        month = "May",
        year = "1988",
        pages = "95{--}100",
}

@article{               chan99recognizing,
        author = "Kam-Fai Chan and Dit-Yan Yeung",
        title = "Recognizing on-line handwritten alphanumeric
                characters through flexible structural matching",
        journal = "Pattern Recognition",
        year = "1999",
        volume = "32",
        number = "1",
        pages = "1099{--}1114",
        month = "July",
}

@inproceedings{		chan98elastic,
	author = "Kam-Fai Chan and Dit-Yan Yeung",
	title = "Elastic Structural Matching for On-Line Handwritten Alphanumeric Character Recognition",
	booktitle = "Proceedings of the Fourteenth International Conference on Pattern Recognition",
	year = "1998",
	month = "August",
	pages = "1508{--}1511",
}

@inproceedings{                 chan98simple,
	author = "Kam-Fai Chan and Dit-Yan Yeung",
	title = "A Simple Yet Robust Structural Approach for Recognizing
                On-line Handwritten Alphanumerical Characters",
	booktitle = "Proceedings of the Sixth International Workshop
                on Frontiers in Handwriting Recognition",
	year = "1998",
	pages = "229{--}238",
	month = "August",
}

@inproceedings{			chow57character,
	author = "C. K. Chow",
	title = "Optimal Character Recognition System Using Decision Functions",
	booktitle = "{IRE} Transactions on Electronic Computers",
	volume = "6",
	month = "August",
	year = "1957",
	pages = "247{--}254",
}

@article{			chu65optimal,
	author = "J. T. Chu",
	title = "Optimal Decision Functions for Computer Character Recognition",
	journal = "Journal of the {ACM}",
	volume = "12",
	number = "2",
	month = "April",
	year = "1965",
	pages = "213{--}226",
}

techreport{			confer02cheap,
	author = "William Confer and Richard Chapman",
	title = "Handwritten Character Recognition for Cheap Devices",
	institution = "Auburn University",
	year = "2002",
	month = "November",
	number = "{CSSE}02-06",
}

@inproceedings{			confer03comparison,
	author = "William Confer and Richard Chapman",
	title = "Comparison of Activity-Based Character Recognition",
	booktitle = "Proceedings of the {ACM} Southeastern Conference, {ACM'03}",
	year = "2003",
	pages = "95{--}99",
}

@article{			flores58character,
	author = "I. Flores",
	title = "An Optimum Character Recognition System Using Decision Functions",
	journal = "{IRE} Transactions on Electronic Computers",
	volume = "7",
	number = "2",
	month = "June",
	year = "1958",
}

@article{				freeman74computer,
	author = "Freeman, Herbert",
	title = "Computer processing of line-drawing images",
	journal = "ACM Computing Surveys",
	year = "1974",
	volume = "6",
	number = "1",
	pages = "57{--}97",
	month = "March",
}

@inproceedings{				goldberg93touch,
	author = "David Goldberg and Cate Richardson",
	title = "Touch-typing with a stylus",
	booktitle = "Proceedings of the INTERCHI{'}93 Conference on Human Factors in Computing Systems",
	year = "1993",
	pages = "80{--}87",
	organization = "ACM",
	month = "April",
}

@mastersthesis{         hellkvist99online,
        author = "Stefan Hellkvist",
        title = "On-Line Character Recognition on Small Hand-held Terminals Using
                Elastic Structural Matching",
        school = "Royal Institute of Technology, Stockholm",
        year = "1999",
        address = "Department of Numerical Analysis and Computing Science",
}

@inproceedings{         isokoski01model,
        author = "Poika Isokoski",
        title = "Model for Unistroke Writing Time",
        booktitle = " Proceedings of the SIG-CHI on Human factors in computing systems",
        year = "2001",
        month = "March",
        pages = "357{--}364",
        organization = "{ACM}",
}

@inproceedings{              isokoski00device,
        author = "Poika Isokoski and Roope Raisamo",
        title = "Device Independent Text Input: A Rationale and an Example",
        booktitle = "Proceedings of the Working Conference on Advanced Visual Interfaces AVI2000",
        year = "2000",
        pages = "76{--}83",
        organization = "{ACM}",
}

@mastersthesis{				kassel95comparison,
	author = "Kassel, Howard",
	title = "A comparison of approaches to on{-}line handwritten character recognition",
	school = "Massachusetts Institute of Technology",
	year = "1995",
	month = "June",
}

@article{		koerich03survey,
	author="A. L. Koerich and R. Sabourin and C. Y. Suen",
	title="Large Vocabulary Off-Line Handwriting Recognition: A survey",
	journal="Pattern Analysis Application",
	year="2003",
	volume="6",
	pages="97{--}121",
}

@inproceedings{		landay99collaboration,
	author = "James Landay",
	title = "Using note-taking appliances for student to student collaboration",
	booktitle = "Frontiers in Education Conference, FIE '99",
	month = "November",
	year = "1999",
	pages = "12C4/15{--}12C4/20" ,
	volume = "2",
}

@inproceedings{         li97line,
    author = "Xiaolin Li and Dit-Yan Yeung",
    title = "On-Line Handwritten Alphanumeric Character Recognition Using Feature Sequences",
    booktitle = "Proceedings of the {ICSC}",
    pages = "197-204",
    year = "1997",
}

@inproceedings{		long00similarity,
	author = "Allan Long Jr. and James Landay and Lawrence Rowe and Joseph Michiels",
	title = "Visual similarity of pen gestures",
	booktitle = "Proceedings of Human Factors in Computer Systems (SIGCHI)",
	month = "April",
	year = "2000",
} 

@techreport{		long97gesture,
	author = "Allan Long Jr. and James Landay and Lawrence Rowe",
	title = "PDA and gesture use in practice: insights for designers of pen-absed user interfaces",
	institution = "U.C. Berkley",
	number = "UCB//CSD-97-976",
	year = "1997",
} 

@inproceedings{			mackenzie03phrase,
	author = "I. Scott MacKenzie and R. William Soukoreff",                        
	title = "Phrase sets for evaluating text entry techniques",                    
	booktitle = "{CHI} '03 extended abstracts on Human factors in computing systems",
	year = "2003",                                                                 
	pages = "754{--}755",                                                            
}                                                                              

@inproceedings{			mackenzie02character,
	author = "I. Scott MacKenzie and R. William Soukoreff",
	title = "A character-level error analysis technique for evaluating text entry methods",
	booktitle = "Proceedings of the Second Nordic Conference on Human-Computer Interaction ({NordiCHI})",
	year = "2002",
	pages = "241{--}244",
}	

@article{               mackenzie99performance,
        author = "Scott MacKenzie and Larry Chang",
        title = "A Performance Comparison of Two Handwriting Recognizers",
        journal = "Interacting with Computers",
        year = "1999",
        volume = "11",
        pages = "283{--}297",
}

@inproceedings{         mankoff98cirrin,
        author = "Jennifer Mankoff and Gregory D. Abowd",
        title = "Cirrin: A Word-Level Unistroke Keyboard for Pen Input",
        booktitle = "{ACM} Symposium on User Interface Software and Technology",
        pages = "213{--}214",
        year = "1998",
        publisher = "{ACM} Press",
}

@book{merriam64dictionary,
	author = {{Merriam-Webster Inc.}},
	title = {Merriam-Webster Pocket Dictionary},
	publisher = {Merriam-Webster Inc.},
	year = {1964},
	note = {Computer readable form},
}

@inproceedings{ 	myers02using,
  author = "Brad Myers and Jacob Wobbrock and Sunny Yang and Brian Yeung and Jeffrey Nichols and Robert Miller",
  title = "Using handhelds to help people with motor impairments",
  booktitle = "Proceedings of ASSETS 02",
  publisher = "{ACM} Press",
  pages = "89{--}96 ",
  year = "2002",
}

@inproceedings{ perlin98quikwriting,
    author = "Ken Perlin",
    title = "Quikwriting: Continuous Stylus-Based Text Entry",
    booktitle = "{ACM} Symposium on User Interface Software and Technology",
    pages = "215-216",
    year = "1998",
    month = "November",
}

@inproceedings{		plamondon00survey,
	author="R{\'{e}}jean Plamondon and Sargur N. Srihari",
	title="On-Line and Off-Line Handwriting Recognition: A Comprehensive Survey",
	booktitle="IEEE Transactions on Pattern Analysis and Machine Intelligence",
	year="2000",
	volume="22",
	pages="63{--}84",
	month="January",
}

@book{          rhodes01palm,
        author = "Neil Rhodes and Julie McKeehan",
        title = "Palm OS Programming",
        publisher = "O'Reilly and Associates",
        year = "2001",
        edition = "2nd",
        month = "October",
}

@article{			shin02order,
	author = "Jungpil Shin",
	title = "Stroke order and number free on-line character recognition using intra- and inter-stroke information",
	journal = "International Journal of Knowledge-Based Intelligent Engineering Systems",
	year = "2002",
	month = "April",
	volume = "6",
	number = "2",
	pages = "72{--}79",
}

@inproceedings{			sibert87issues,
	author = "John Sibert and Michael Buffa and Hewitt Crane and Wolfgang Doster and James Rhyne and Jean Renard Ward",
	title = "Issues Limiting the Acceptance of User Interfaces Using Gesture Input and Handwriting Character Recognition",
	booktitle = "Proceedings of the {SIG} {CHI/GI} Conference on Human Factors in Computing Systems and Graphics Interface",
	year = "1986",
	pages = "155{--}158",
}

@inproceedings{			soukoreff04recent,
	author = "R. William Soukoreff and I. Scott MacKenzie",
	title = "Recent developments in text-entry error rate measurement",
	booktitle = "Extended Abstracts of the ACM conference on Human Factors in Computing Systems ({CHI})",
	year = "2004",
	month = "April",
	pages = "1425{--}1428",
}

@book{			stack01classroom,
	author="Jennie Borodko Stack",
	title="Palm Pilot Connects Girl with Classroom",
	year="2001",
	publisher="Magazine of the Muscular Dystrophy Association",
	volume="8(1)",
	address="http://www.mdausa.org/publications/Quest/q81palmpilot.cfm",
}

@article{		steinherz99survey,
	author="Tal Steinherz and Ehud Rivlin and Nathon Intrator",
	title="Offline Cursive Script Word Recognition--A Survey",
	journal="International Journal on Document Analysis and Recognition",
	year="1999",
	volume="2",
	pages="90{--}110",
}

@inproceedings{		suen80recognition,
	author = "Ching Suen and Marc Berthod and Shunji Mori",
	title = "Automatic recognition of handprinted characters {--} the state of the art",
	booktitle = "Proceedings of the {IEEE}",
	volume = "68",
	month = "April",
	year = "1980",
	pages = "469{--}487",
}

@article{               tappert90state,
        author = "Charles Tappert and Ching Suen and Toru Wakahara",
        title = "The State of the Art in On-line Handwriting Recognition",
        journal = "{IEEE} Transactions on Pattern Analysis and Machine Intelligence",
        year = "1990",
        month = "August",
        volume = "12",
        number = "8",
        pages = "787{--}808",
}

@techreport{		tappert87speed,
	author = "Charles Tappert",
	title = "Speed, accuracy, and flexibility trade-offs in on-line character recognition",
	institution = "{IBM} Research",
	year = "1987",
	month = "October",
	number = "RC13228",
}

@inproceedings{         venolia94tcube,
        author = "Dan Venolia and Forrest Neiberg",
        title = "T-Cube: A Fast, Self-Disclosing Pen-Based Alphabet",
        booktitle = "Proceedings of CHI Human Factors in Computing Systems",
        year = "1994",
        month = "April",
        pages = "265{--}270",
        publisher = "{ACM} Press",
}

@techreport{			wang90improved,
	author = "Patrick Wang and Amar Gupta",
	title = "An Improved Structual Approach for Automated Recognition of Handprinted Characters",
	institution = "{MIT} Sloan School",
	number = "123-90R",
	year = "1990",
}

@inproceedings{				wobbrock03edgewrite,
	author = "Jacob Wobbrock and Brad Myers and John Kembel",
	title = "EdgeWrite: A stylus-based text entry method designed for high accuracy and stability of motion",
	booktitle = "Proceedings of the ACM Symposium on User Interface Software and Technology (UIST '03)",
	year = "2003",
	month = "November",
	pages = "61{--}70",
}

@inproceedings{ 		zhai03shorthand,
 	author = "Shumin Zhai and Per-Ola Kristensson",
 	title = "Shorthand writing on stylus keyboard",
 	booktitle = "Proceedings of the conference on Human factors in computing systems",
 	year = "2003",
 	pages = "{97--104}",
 }






